@article{howard2019searching,
  title={Searching for MobileNetV3}, 
  author={Andrew Howard and Mark Sandler and Grace Chu and Liang-Chieh Chen and Bo Chen and Mingxing Tan and Weijun Wang and Yukun Zhu and Ruoming Pang and Vijay Vasudevan and Quoc V. Le and Hartwig Adam},
  year={2019},
  eprint={1905.02244},
  archivePrefix={arXiv},
  primaryClass={cs.CV}
}

@article{sandler2019mobilenetv2,
      title={MobileNetV2: Inverted Residuals and Linear Bottlenecks}, 
      author={Mark Sandler and Andrew Howard and Menglong Zhu and Andrey Zhmoginov and Liang-Chieh Chen},
      year={2019},
      eprint={1801.04381},
      archivePrefix={arXiv},
      primaryClass={cs.CV}
}

@article{tan2019mnasnet,
      title={MnasNet: Platform-Aware Neural Architecture Search for Mobile}, 
      author={Mingxing Tan and Bo Chen and Ruoming Pang and Vijay Vasudevan and Mark Sandler and Andrew Howard and Quoc V. Le},
      year={2019},
      eprint={1807.11626},
      archivePrefix={arXiv},
      primaryClass={cs.CV}
}

@article{deng2012mnist,
  title={The mnist database of handwritten digit images for machine learning research},
  author={Deng, Li},
  journal={IEEE Signal Processing Magazine},
  volume={29},
  number={6},
  pages={141--142},
  year={2012},
  publisher={IEEE}
} 


@TECHREPORT{Krizhevsky09learningmultiple,
    author = {Alex Krizhevsky},
    title = {Learning multiple layers of features from tiny images},
    institution = {},
    year = {2009}
}

@article{iandola2016squeezenet,
      title={SqueezeNet: AlexNet-level accuracy with 50x fewer parameters and <0.5MB model size}, 
      author={Forrest N. Iandola and Song Han and Matthew W. Moskewicz and Khalid Ashraf and William J. Dally and Kurt Keutzer},
      year={2016},
      eprint={1602.07360},
      archivePrefix={arXiv},
      primaryClass={cs.CV}
}

@article{howard2017mobilenets,
      title={MobileNets: Efficient Convolutional Neural Networks for Mobile Vision Applications}, 
      author={Andrew G. Howard and Menglong Zhu and Bo Chen and Dmitry Kalenichenko and Weijun Wang and Tobias Weyand and Marco Andreetto and Hartwig Adam},
      year={2017},
      eprint={1704.04861},
      archivePrefix={arXiv},
      primaryClass={cs.CV}
}

@article{zhang2017shufflenet,
      title={ShuffleNet: An Extremely Efficient Convolutional Neural Network for Mobile Devices}, 
      author={Xiangyu Zhang and Xinyu Zhou and Mengxiao Lin and Jian Sun},
      year={2017},
      eprint={1707.01083},
      archivePrefix={arXiv},
      primaryClass={cs.CV}
}

@article{huang2018condensenet,
      title={CondenseNet: An Efficient DenseNet using Learned Group Convolutions}, 
      author={Gao Huang and Shichen Liu and Laurens van der Maaten and Kilian Q. Weinberger},
      year={2018},
      eprint={1711.09224},
      archivePrefix={arXiv},
      primaryClass={cs.CV}
}

@article{yan2018shiftnet,
      title={Shift-Net: Image Inpainting via Deep Feature Rearrangement}, 
      author={Zhaoyi Yan and Xiaoming Li and Mu Li and Wangmeng Zuo and Shiguang Shan},
      year={2018},
      eprint={1801.09392},
      archivePrefix={arXiv},
      primaryClass={cs.CV}
}